@article{kuhnert2011,
  title={Phylogenetic and epidemic modeling of rapidly evolving infectious diseases},
  author={K{\"u}hnert, Denise and Wu, Chieh-Hsi and Drummond, Alexei J},
  journal={Infection, Genetics and Evolution},
  volume={11},
  number={8},
  pages={1825--1841},
  year={2011},
  publisher={Elsevier}
}